1960 3345
367 83 817 132 spsschvM
880 59 1238 132 PALLAXJ
1519 59 1597 130 ἰι

69 163 274 228 nitum
294 183 553 250 augeant
571 214 586 240 ,
605 161 882 226 humanu
893 156 1084 244 mc'lue
1102 157 1389 223 habitum
1417 177 1602 225 exce.

67 246 221 313 dant
241 299 260 328 ‚
288 247 687 335 modumque
726 246 1075 312 nostrorum
1115 265 1487 331 corporum.
1521 244 1597 314 ld

66 332 259 400 efficit
276 356 487 402 autem
509 334 978 422 perspeffiua,vt
994 335 1056 395 in
1078 354 1206 396 vno
1236 330 1597 417 eodemc‘jue

69 420 310 508 speculo
331 420 691 508 ,aliquando
712 426 886 485 vuius
917 422 995 483 rei
1016 418 1210 503 plures
1239 416 1357 482 sese
1390 416 1594 485 osten-

67 527 204 571 tent
218 511 516 594 imagines
540 556 550 568 .
581 508 640 572 Si
655 530 825 573 certo
845 502 1042 571 modo
1060 501 1388 570 constituas
1403 555 1421 583 ‚
1438 507 1595 572 ima-

67 597 238 680 ginet
257 593 490 680 prorsus
504 594 655 660 nihil
677 620 688 656 :
708 595 821 659 fitu
837 612 1044 657 autem
1066 588 1416 668 demutat0‚
1436 595 1591 658 ima-

67 681 352 767 ginosum
371 678 686 746 reddatur.
738 677 809 745 Id
832 676 1319 745 comminiscitur
1336 698 1591 764 quoque

67 787 160 831 ars
178 765 283 831 ista
300 818 314 842 ‚
335 788 401 832 vt
412 788 595 854 caput
610 772 670 832 in
700 767 833 832 imo
850 784 1206 852 compareat
1223 814 1239 843 ‚
1285 760 1467 851 pedes
1485 788 1590 831 ve-

65 852 137 917 ῐὸ
169 850 406 919 surreffl
441 890 454 933 3
483 853 632 919 teste
664 855 943 918 Varrone
978 900 990 913 .
1035 853 1477 936 Excogitantur
1522 860 1591 918 δεῖ

66 939 474 1006 monstrifica:
519 962 584 1006 vt
615 944 678 1006 in
706 940 944 1027 templo
959 938 1233 1025 Smyrnae
1267 934 1591 1016 dicata3vt

64 1027 276 1091 auram
292 1025 379 1091 est
411 1027 666 1093 Plinius,
720 1026 865 1092 Vidi
896 1046 1015 1111 ego
1045 1045 1488 1112 quoque,quae
1516 1049 1589 1092 os

61 1134 313 1178 contem
326 1115 538 1201 plantis
578 1121 824 1193 (natura
851 1115 991 1179 licet
1018 1110 1364 1177 formatum
1394 1114 1585 1198 quam

61 1202 337 1286 optime)
367 1199 520 1264 mire
549 1204 612 1266 in
641 1203 877 1266 arcium
909 1194 1586 1277 adductum‚horrende

62 1286 218 1351 verb
250 1291 311 1351 in
333 1289 529 1353 altum
558 1285 966 1353 extenderent
987 1335 1000 1350 .
1048 1286 1126 1350 Et
1155 1284 1414 1350 viciffim
1447 1286 1582 1367 aha,

63 1393 218 1459 quae,
246 1373 412 1439 labra
441 1373 779 1462 compressa
795 1426 811 1453 ,
828 1376 950 1439 fine
970 1367 1169 1438 modo
1187 1378 1501 1459 Vtrimque
1518 1376 1582 1438 in

59 1459 248 1525 latera
263 1458 648 1527 diducerent.
688 1464 847 1542 Alia,
863 1481 997 1548 quae
1026 1456 1239 1525 nasum
1256 1459 1483 1524 fimum
1514 1467 1584 1525 δε

60 1543 433 1613 strumosum
467 1547 787 1615 referrent:
828 1551 942 1613 alia
964 1545 1108 1611 verb
1128 1568 1296 1634 ,quae
1327 1568 1586 1632 praeacu-

59 1653 198 1700 tum
217 1641 283 1699 δε
298 1639 634 1701 enormiter
649 1637 1117 1723 prominentem
1138 1657 1149 1692 ι
1185 1655 1372 1719 atque
1400 1637 1482 1700 ita
1500 1632 1584 1703 de

27 1782 34 1788 .
55 1723 352 1788 omnibus
368 1744 502 1810 quae
516 1722 984 1802 obiiciebantur,
999 1723 1061 1784 in
1085 1719 1344 1787 monstri
1374 1718 1583 1796 defor-

58 1810 341 1874 mitatem
363 1806 698 1876 reddentia.

135 1894 253 1961 Sed
278 1950 295 1975 ,
314 1895 464 1983 quid
481 1895 557 1961 de
577 1895 887 1963 fallacibus
917 1897 1030 1964 illis
1081 1904 1148 1963 δε
1176 1892 1582 1962 artificialibus

57 1979 306 2065 speculis
336 1982 613 2050 dicemus
647 2037 664 2060 ,
699 1982 776 2048 de
809 1983 1039 2070 quibus·
1060 1984 1377 2052 Pausanias
1420 1983 1581 2051 libro

52 2068 276 2135 octauo
291 2074 354 2134 in
382 2068 723 2135 Arcadicis?
747 2071 850 2137 Ad
870 2069 1186 2137 dexteram
1214 2077 1231 2147 (
1248 2071 1478 2155 inquit,
1500 2069 1582 2138 de

55 2152 390 2222 Curetibus
406 2158 681 2236 tracians}
696 2156 728 2222 ἐ
747 2155 1005 2224 delubro
1035 2156 1395 2248 egredienti,
1416 2179 1441 2221 s
1464 2179 1494 2221 P
1517 2181 1582 2226 E.-

53 2262 96 2310 c
114 2264 156 2309 v
173 2263 213 2310 1.
233 2267 271 2310 v
295 2265 349 2309 M
384 2248 449 2308 in
464 2247 719 2310 tectorio
741 2248 973 2331 parietis
992 2247 1128 2334 apte=
1148 2241 1451 2311 inclusum
1474 2246 1580 2310 est:

52 2331 297 2415 inquo,
330 2330 992 2417 quiinspexerir‚suam
1027 2333 1584 2420 ipfiusimaginem,

49 2436 156 2482 aut
175 2438 388 2503 parum
408 2418 708 2506 perspicue
729 2469 746 2498 ,
763 2440 867 2483 aut
903 2420 1134 2506 prorsus
1167 2419 1318 2484 nihil
1350 2440 1584 2484 cernet:

53 2499 316 2569 deorum
335 2527 549 2571 tamen
567 2506 747 2593 ligna,
767 2514 832 2571 δέ
852 2504 1069 2572 solium
1086 2505 1283 2593 ipsum
1319 2504 1584 2572 dilucide}

0 2579 3 2679 ᾗ
50 2590 424 2657 intuebitur.
465 2595 803 2678 Qntum
837 2614 955 2679 ego
984 2593 1240 2682 quidem
1269 2595 1534 2660 coniicio
1563 2645 1582 2673 ,

0 2681 5 2766 l
51 2695 159 2742 aut
175 2675 484 2761 speculum
501 2676 753 2767 illudita
771 2677 1124 2768 dispositum
1160 2702 1307 2753 erat,
1328 2702 1394 2745 vt
1411 2677 1584 2746 defe-

53 2763 153 2833 &u
169 2762 391 2830 debitae
409 2767 750 2833 reflexionis
771 2819 786 2846 ‚
810 2767 1256 2854 inspicientium
1268 2769 1472 2832 vultus
1501 2763 1583 2833 ad

0 2863 2 2889 ’
51 2851 550 2941 ipsorumoculos
579 2878 708 2919 non
738 2853 1031 2921 redirent:
1093 2854 1371 2933 (tametfi
1404 2855 1582 2924 enim

49 2961 276 3008 omnes
293 2945 476 3026 quiin
493 2941 782 3008 cubiculo
802 2941 1015 3008 suntin
1036 2941 1276 3032 speculo
1295 2940 1581 3030 oppofito

51 3025 274 3118 species
289 3026 415 3095 suas
429 3030 810 3118 imprimant,
828 3054 958 3099 non
978 3054 1087 3098 om
1097 3052 1202 3094 nes
1217 3050 1431 3096 tamen
1461 3025 1581 3123 sese-

1066 3119 1118 3186 Β
1156 3140 1182 3203 3
1504 3137 1584 3184 >m
